@book{DockerNiezawodne,
    author = "Sean Kane Matthias Karl",
    title = "Docker. Niezawodne kontenery produkcyjne. Praktyczne zastosowania",
    publisher = "Helion",
    year = "2023",
    isbn = "978-83-289-0371-5",
    keywords = "docker,containers,production"
}
@online{SelfHostRunner,
    author = "GitHub",
    title = "GitHub Docs",
    url = "https://docs.github.com/en/actions/hosting-your-own-runners/managing-self-hosted-runners/about-self-hosted-runners",
    addendum = "(odwiedzono: 02.02.2025)",
    keywords = "runner,ci,cd,github,actions"
}
@online{CasaOS,
    author = "CasaOS",
    title = "CasaOS Documentation",
    url = "https://casaos.zimaspace.com/",
    addendum = "(odwiedzono: 11.05.2025)",
    keywords = "casaos,homelab,os"
}
@online{Tailscale,
    author = "Tailscale",
    title = "Tailscale Install Guide",
    url = "https://tailscale.com/kb/1017/install",
    addendum = "(odwiedzono: 11.05.2025)",
    keywords = "tailscale,networking,vpn"
}
@online{Proxmox,
    author = "Proxmox",
    title = "Proxmox Documentation",
    url = "https://pve.proxmox.com/wiki/Main_Page",
    addendum = "(odwiedzono: 02.02.2025)",
    keywords = "virtualization,proxmox,homelab"
}

@online{SQLite,
    author = "SQLite",
    title = "SQLite Documentation",
    url = "https://www.sqlite.org/",
    addendum = "(odwiedzono: 11.05.2025)",
    keywords = "sqlite,database,sql"
}
@online{Actions,
    author = "GitHub",
    title = "GitHub Actions",
    url = "https://github.com/features/actions",
    addendum = "(odwiedzono: 11.05.2025)",
    keywords = "github,actions,ci,cd"
}
@online{Docker,
    author = "Docker",
    title = "Docker Documentation",
    url = "https://docs.docker.com",
    addendum = "(odwiedzono: 02.02.2025)",
    keywords = "docker,containers,devops"
}

@online{Kubernetes,
    author = "Kubernetes",
    title = "Kubernetes Documentation",
    url = "https://kubernetes.io/docs/",
    addendum = "(odwiedzono: 02.02.2025)",
    keywords = "kubernetes,orchestration,containers"
}

@online{Ansible,
    author = "Ansible",
    title = "Ansible Documentation",
    url = "https://docs.ansible.com",
    addendum = "(odwiedzono: 02.02.2025)",
    keywords = "ansible,automation,configuration-management"
}

@online{Terraform,
    author = "HashiCorp",
    title = "Terraform Documentation",
    url = "https://developer.hashicorp.com/terraform/docs",
    addendum = "(odwiedzono: 02.02.2025)",
    keywords = "terraform,infrastructure-as-code"
}

@online{Prometheus,
    author = "Prometheus",
    title = "Prometheus Documentation",
    url = "https://prometheus.io/docs/",
    addendum = "(odwiedzono: 02.02.2025)",
    keywords = "monitoring,prometheus,metrics"
}

@online{Grafana,
    author = "Grafana",
    title = "Grafana Documentation",
    url = "https://grafana.com/docs/",
    addendum = "(odwiedzono: 02.02.2025)",
    keywords = "grafana,visualization,monitoring"
}

@online{Zabbix,
    author = "Zabbix",
    title = "Zabbix Documentation",
    url = "https://www.zabbix.com/documentation/current/manual",
    addendum = "(odwiedzono: 02.02.2025)",
    keywords = "zabbix,monitoring,homelab"
}

@online{TrueNAS,
    author = "TrueNAS",
    title = "TrueNAS Documentation",
    url = "https://www.truenas.com/docs/",
    addendum = "(odwiedzono: 02.02.2025)",
    keywords = "nas,truenas,storage"
}

@online{OpenStack,
    author = "OpenStack",
    title = "OpenStack Documentation",
    url = "https://docs.openstack.org",
    addendum = "(odwiedzono: 02.02.2025)",
    keywords = "openstack,cloud,virtualization"
}

@online{VMwareESXi,
    author = "VMware",
    title = "VMware ESXi Documentation",
    url = "https://docs.vmware.com/en/VMware-vSphere/index.html",
    addendum = "(odwiedzono: 02.02.2025)",
    keywords = "vmware,esxi,virtualization"
}

@online{HyperV,
    author = "Microsoft",
    title = "Hyper-V Documentation",
    url = "https://learn.microsoft.com/en-us/windows-server/virtualization/hyper-v/",
    addendum = "(odwiedzono: 02.02.2025)",
    keywords = "hyper-v,virtualization,microsoft"
}

@online{Unraid,
    author = "Unraid",
    title = "Unraid Documentation",
    url = "https://docs.unraid.net",
    addendum = "(odwiedzono: 02.02.2025)",
    keywords = "unraid,nas,virtualization"
}

@online{RaspberryPiPowerConsumption,
    author = "Home-Assistant Forum",
    title = "Zużycie prądu przez urządzenie Raspberry Pi 5",
    url = "https://community.home-assistant.io/t/raspberry-pi-5/619702/26?page=2",
    addendum = "(odwiedzono: 11.05.2025)",
    keywords = "rpi, rpi5, raspberry Pi, power"
}

@online{TailAdmin,
    author = "Tail Admin",
    title = "Tail Admin Docs",
    url = "https://tailadmin.com/docs",
    addendum = "(odwiedzono: 10.05.2025)",
    keywords = "tailadmin, admin, dashboard, frontend"
}

@online{BurpSuite,
    author = "PortSwigger",
    title = "Burp Suite Documentation",
    url = "https://portswigger.net/burp",
    addendum = "(odwiedzono: 10.05.2025)",
    keywords = "burpsuite,security,testing"
}

@online{ZAP,
    author = "OWASP",
    title = "OWASP ZAP Documentation",
    url = "https://www.zaproxy.org",
    addendum = "(odwiedzono: 10.05.2025)",
    keywords = "zap,security,testing"
}

@online{NestOpsV2,
    author = "Maciej Tonderski",
    title = "NestOpsV2",
    url = "https://github.com/McTonderski/NestOpsV2",
    addendum = "(odwiedzono: 11.05.2025)",
    keywords = "nestopsv2,automation,homelab"
}

@online{NTFY,
    author = "NTFY",
    title = "NTFY Documentation",
    url = "https://ntfy.sh/docs/",
    addendum = "(odwiedzono: 02.02.2025)",
    keywords = "ntfy,notifications,push"
}

@online{Slack,
    author = "Slack",
    title = "Slack API Documentation",
    url = "https://api.slack.com/docs",
    addendum = "(odwiedzono: 02.02.2025)",
    keywords = "slack,communication,api"
}

@online{Telegram,
    author = "Telegram",
    title = "Telegram Bot API Documentation",
    url = "https://core.telegram.org/bots/api",
    addendum = "(odwiedzono: 02.02.2025)",
    keywords = "telegram,messaging,bot"
}